<record><leader>00000cas a2200000 a 4500</leader><controlfield tag="001">11693320</controlfield><controlfield tag="008">850214d18471848vtuwr ne      0    0eng d</controlfield><datafield ind1=" " ind2=" " tag="010"><subfield code="a">sn 85033129 </subfield></datafield><datafield ind1=" " ind2=" " tag="040"><subfield code="a">NPU</subfield><subfield code="b">eng</subfield><subfield code="c">NPU</subfield><subfield code="d">NVN</subfield><subfield code="d">OCL</subfield><subfield code="d">OCLCQ</subfield><subfield code="d">OCLCF</subfield><subfield code="d">OCL</subfield><subfield code="d">OCLCO</subfield></datafield><datafield ind1=" " ind2=" " tag="042"><subfield code="a">msc</subfield></datafield><datafield ind1="0" ind2="4" tag="245"><subfield code="a">The Literary excelsior and musical world.</subfield></datafield><datafield ind1=" " ind2=" " tag="260"><subfield code="a">Bellows Falls, Vt. :</subfield><subfield code="b">John W. Moore,</subfield><subfield code="c">1847-1848.</subfield></datafield><datafield ind1=" " ind2=" " tag="300"><subfield code="a">v. ;</subfield><subfield code="c">59 cm.</subfield></datafield><datafield ind1=" " ind2=" " tag="310"><subfield code="a">Weekly</subfield></datafield><datafield ind1="0" ind2=" " tag="362"><subfield code="a">Vol. 1, no. 1 (Oct. 23, 1847)-v. 1, no. 34 (Aug. 19, 1848).</subfield></datafield><datafield ind1=" " ind2=" " tag="500"><subfield code="a">"An independent family newspaper, devoted to polite literature, rational amusement, the arts, and to the general diffusion of musical information."</subfield></datafield><datafield ind1=" " ind2=" " tag="500"><subfield code="a">Covers musical, literary and general national and international news.</subfield></datafield><datafield ind1=" " ind2="0" tag="650"><subfield code="a">Literature</subfield><subfield code="v">Newspapers.</subfield></datafield><datafield ind1=" " ind2="0" tag="650"><subfield code="a">Music</subfield><subfield code="v">Newspapers.</subfield></datafield><datafield ind1=" " ind2="7" tag="650"><subfield code="a">Literature.</subfield><subfield code="2">fast</subfield><subfield code="0">(OCoLC)fst00999953</subfield></datafield><datafield ind1=" " ind2="7" tag="650"><subfield code="a">Music.</subfield><subfield code="2">fast</subfield><subfield code="0">(OCoLC)fst01030269</subfield></datafield><datafield ind1=" " ind2="7" tag="655"><subfield code="a">Newspapers.</subfield><subfield code="2">fast</subfield><subfield code="0">(OCoLC)fst01423814</subfield></datafield><datafield ind1=" " ind2=" " tag="752"><subfield code="a">United States</subfield><subfield code="b">Vermont</subfield><subfield code="c">Windham</subfield><subfield code="d">Bellows Falls.</subfield></datafield></record>